@ARTICLE{HuffMcal2017,
   author = {{Huff}, E. and {Mandelbaum}, R.},
    title = "{Metacalibration: Direct Self-Calibration of Biases in Shear Measurement}",
  journal = {arXiv e-prints},
archivePrefix = "arXiv",
   eprint = {1702.02600},
 keywords = {Astrophysics - Cosmology and Nongalactic Astrophysics},
     year = 2017,
    month = feb,
   adsurl = {http://adsabs.harvard.edu/abs/2017arXiv170202600H},
  adsnote = {Provided by the SAO/NASA Astrophysics Data System}
}

@ARTICLE{SheldonMcal2017,
   author = {{Sheldon}, E.~S. and {Huff}, E.~M.},
    title = "{Practical Weak-lensing Shear Measurement with Metacalibration}",
  journal = {\apj},
archivePrefix = "arXiv",
   eprint = {1702.02601},
 keywords = {cosmology: observations, gravitational lensing: weak, methods: observational},
     year = 2017,
    month = may,
   volume = 841,
      eid = {24},
    pages = {24},
      doi = {10.3847/1538-4357/aa704b},
   adsurl = {http://adsabs.harvard.edu/abs/2017ApJ...841...24S},
  adsnote = {Provided by the SAO/NASA Astrophysics Data System}
}

@ARTICLE{BernBFD2016,
   author = {{Bernstein}, G.~M. and {Armstrong}, R. and {Krawiec}, C. and 
	{March}, M.~C.},
    title = "{An accurate and practical method for inference of weak gravitational lensing from galaxy images}",
  journal = {\mnras},
archivePrefix = "arXiv",
   eprint = {1508.05655},
 primaryClass = "astro-ph.IM",
 keywords = {gravitational lensing: weak, methods: data analysis},
     year = 2016,
    month = jul,
   volume = 459,
    pages = {4467-4484},
      doi = {10.1093/mnras/stw879},
   adsurl = {http://adsabs.harvard.edu/abs/2016MNRAS.459.4467B},
  adsnote = {Provided by the SAO/NASA Astrophysics Data System}
}

@ARTICLE{DawsonBlending2016,
   author = {{Dawson}, W.~A. and {Schneider}, M.~D. and {Tyson}, J.~A. and 
	{Jee}, M.~J.},
    title = "{The Ellipticity Distribution of Ambiguously Blended Objects}",
  journal = {\apj},
archivePrefix = "arXiv",
   eprint = {1406.1506},
 keywords = {cosmology: miscellaneous, galaxies: general, gravitational lensing: weak},
     year = 2016,
    month = jan,
   volume = 816,
      eid = {11},
    pages = {11},
      doi = {10.3847/0004-637X/816/1/11},
   adsurl = {http://adsabs.harvard.edu/abs/2016ApJ...816...11D},
  adsnote = {Provided by the SAO/NASA Astrophysics Data System}
}

% Book
@BOOK{SchneiderBook92,
    author = {{Schneider}, P. and {Ehlers}, J.~;. and {Falco}, E.~E.},
    title = "{Gravitational Lenses}",
    publisher = {Gravitational Lenses, XIV, 560 pp.~112 figs..~Springer-Verlag Berlin Heidelberg New York.~ Also Astronomy and Astrophysics Library},
    year = 1992,
    adsnote = {Provided by the NASA Astrophysics Data System}
}

@UNPUBLISHED{NarayanNotes97,
    author = {{Narayan}, R. and {Bartelmann}, M.},
    title = "{Lectures on Gravitational Lensing}", 
    year = 1997,
    note = "{unpublished lectures (astro-ph/9606001)}"
}

@ARTICLE{Bertin96,
    author = {{Bertin}, E. and {Arnouts}, S.},
    title = "{SExtractor: Software for source extraction.}",
    journal = {\aaps},
    year = 1996,
    month = jun,
    volume = 117,
    pages = {393--404},
    adsnote = {Provided by the NASA Astrophysics Data System}
}

@ARTICLE{BoschHSC2018,
   author = {{Bosch}, J. and {Armstrong}, R. and {Bickerton}, S. and {Furusawa}, H. and 
	{Ikeda}, H. and {Koike}, M. and {Lupton}, R. and {Mineo}, S. and 
	{Price}, P. and {Takata}, T. and {Tanaka}, M. and {Yasuda}, N. and 
	{AlSayyad}, Y. and {Becker}, A.~C. and {Coulton}, W. and {Coupon}, J. and 
	{Garmilla}, J. and {Huang}, S. and {Krughoff}, K.~S. and {Lang}, D. and 
	{Leauthaud}, A. and {Lim}, K.-T. and {Lust}, N.~B. and {MacArthur}, L.~A. and 
	{Mandelbaum}, R. and {Miyatake}, H. and {Miyazaki}, S. and {Murata}, R. and 
	{More}, S. and {Okura}, Y. and {Owen}, R. and {Swinbank}, J.~D. and 
	{Strauss}, M.~A. and {Yamada}, Y. and {Yamanoi}, H.},
    title = "{The Hyper Suprime-Cam software pipeline}",
  journal = {\pasj},
archivePrefix = "arXiv",
   eprint = {1705.06766},
 primaryClass = "astro-ph.IM",
 keywords = {methods: data analysis, surveys, techniques: image processing},
     year = 2018,
    month = jan,
   volume = 70,
      eid = {S5},
    pages = {S5},
      doi = {10.1093/pasj/psx080},
   adsurl = {http://adsabs.harvard.edu/abs/2018PASJ...70S...5B},
  adsnote = {Provided by the SAO/NASA Astrophysics Data System}
}


@ARTICLE{BoschLSST2018,
   author = {{Bosch}, J. and {AlSayyad}, Y. and {Armstrong}, R. and {Bellm}, E. and 
	{Chiang}, H.-F. and {Eggl}, S. and {Findeisen}, K. and {Fisher-Levine}, M. and 
	{Guy}, L.~P. and {Guyonnet}, A. and {Ivezi{\'c}}, {\v Z}. and 
	{Jenness}, T. and {Kov{\'a}cs}, G. and {Krughoff}, K.~S. and 
	{Lupton}, R.~H. and {Lust}, N.~B. and {MacArthur}, L.~A. and 
	{Meyers}, J. and {Moolekamp}, F. and {Morrison}, C.~B. and {Morton}, T.~D. and 
	{O'Mullane}, W. and {Parejko}, J.~K. and {Plazas}, A.~A. and 
	{Price}, P.~A. and {Rawls}, M.~L. and {Reed}, S.~L. and {Schellart}, P. and 
	{Slater}, C.~T. and {Sullivan}, I. and {Swinbank}, J.~D. and 
	{Taranu}, D. and {Waters}, C.~Z. and {Wood-Vasey}, W.~M.},
    title = "{An Overview of the LSST Image Processing Pipelines}",
  journal = {arXiv e-prints},
archivePrefix = "arXiv",
   eprint = {1812.03248},
 primaryClass = "astro-ph.IM",
 keywords = {Astrophysics - Instrumentation and Methods for Astrophysics},
     year = 2018,
    month = dec,
   adsurl = {http://adsabs.harvard.edu/abs/2018arXiv181203248B},
  adsnote = {Provided by the SAO/NASA Astrophysics Data System}
}

